<collection xmlns="http://www.loc.gov/MARC21/slim">
<record>
  <leader>00811nam0a22001931i 450 </leader>
  <controlfield tag="001">IT\ICCU\CNCE\058703</controlfield>
  <controlfield tag="005">20061024000000.0</controlfield>
  <datafield tag="100" ind1=" " ind2=" ">
    <subfield code="a">20040626f1576        0itac0103    ba</subfield>
  </datafield>
  <datafield tag="101" ind1=" " ind2=" ">
    <subfield code="a">ITD</subfield>
  </datafield>
  <datafield tag="102" ind1=" " ind2=" ">
    <subfield code="a">IT</subfield>
  </datafield>
  <datafield tag="200" ind1="1" ind2=" ">
    <subfield code="a">Al magnifico, et clarissimo signor, il signor Nicol ̣Barbarigo dignissimo podest ̉di Verona. ... Michele da San Zen, sotto prioro di Battighelfi, uostro seruidoro</subfield>
  </datafield>
  <datafield tag="210" ind1=" " ind2=" ">
    <subfield code="d">\1576!</subfield>
  </datafield>
  <datafield tag="215" ind1=" " ind2=" ">
    <subfield code="a">1 foglio</subfield>
  </datafield>
  <datafield tag="300" ind1=" " ind2=" ">
    <subfield code="a">Stampato a Verona. Per il luogo e la data cfr.: L. Carpan ̈M. Menato, Annali della tipografia veronese del Cinquecento, p. 618, n. FV13</subfield>
  </datafield>
  <datafield tag="620" ind1=" " ind2=" ">
    <subfield code="a">IT</subfield>
    <subfield code="d">Verona</subfield>
  </datafield>
  <datafield tag="700" ind1=" " ind2="0">
    <subfield code="a">Michele</subfield>
    <subfield code="c"> : da#San#Zeno</subfield>
    <subfield code="3">IT\ICCU\CNCA\017904</subfield>
  </datafield>
  <datafield tag="712" ind1="0" ind2="2">
    <subfield code="a">s.n.</subfield>
    <subfield code="3">IT\ICCU\CNCT\000002</subfield>
    <subfield code="4">650</subfield>
  </datafield>
  <datafield tag="790" ind1=" " ind2="0">
    <subfield code="a">Michele</subfield>
    <subfield code="c"> : da#San#Zen</subfield>
    <subfield code="3">IT\ICCU\CNCA\021177</subfield>
    <subfield code="z">Michele : da#San#Zeno</subfield>
  </datafield>
  <datafield tag="801" ind1=" " ind2="3">
    <subfield code="a">IT</subfield>
    <subfield code="b">ICCU</subfield>
    <subfield code="c">20201115</subfield>
  </datafield>
</record>
</collection>
